00100000         2000000000000000030618560014       0000000000000000000 APENAS PARA TESTE             BANCO DO BRASIL                         22812201801062300033603000000909123321PROCESSAMEN                                                 
00100011T0100020 20000000000000000000000000014       0000000000000000000 APENAS PARA TESTE                                                                                             000000002812201800000000  000000000                      
0010001300001T 020290680000000077771 30618560910043340   70910043340     2912201800000000000900000101041330618560910043340        0900000000000020000000000000000000000000000000000000000   0000000000000000000000000B1        170513061856     
0010001300002U 020000000000000000000000000000000000000000000000000000000000000000000000000000000000000000000000000000000000000000000000002812201800000000            000000000000000                              000                           
0010001300003T 020290680000000077771 30618561350006343   71350006343     3012201800000000001500000101369230618561350006343        0900000000000020500000000000000000000000000000000000000   0000000000000000000000000B1A4      170513061856     
0010001300004U 020000000000000000000000000000000000000000000000000000000000000000000000000000000000000000000000000000000000000000000000002812201800000000            000000000000000                              000                           
0010001300005T 020290680000000077771 30618561950007452   71950007452     2912201800000000004400000101041330618561950007452        0900000000000020000000000000000000000000000000000000000   0000000000000000000000000B1        170513061856     
0010001300006U 020000000000000000000000000000000000000000000000000000000000000000000000000000000000000000000000000000000000000000000000002812201800000000            000000000000000                              000                           
0010001300007T 020290680000000077771 30618562080010157   72080010157     0502201900000000000400000101041330618562080010157        0900000000000020000000000000000000000000000000000000000   0000000000000000000000000B1        170513061856     
0010001300008U 020000000000000000000000000000000000000000000000000000000000000000000000000000000000000000000000000000000000000000000000002812201800000000            000000000000000                              000                           
0010001300009T 020290680000000077771 30618562080010158   72080010158     0503201900000000000400000101041330618562080010158        0900000000000020000000000000000000000000000000000000000   0000000000000000000000000B1        170513061856     
0010001300010U 020000000000000000000000000000000000000000000000000000000000000000000000000000000000000000000000000000000000000000000000002812201800000000            000000000000000                              000                           
0010001300011T 020290680000000077771 30618562080010159   72080010159     0504201900000000000400000101041330618562080010159        0900000000000020000000000000000000000000000000000000000   0000000000000000000000000B1        170513061856     
0010001300012U 020000000000000000000000000000000000000000000000000000000000000000000000000000000000000000000000000000000000000000000000002812201800000000            000000000000000                              000                           
0010001300013T 020290680000000077771 30618562080010160   72080010160     0501201900000000000400000101369230618562080010160        0900000000000020000000000000000000000000000000000000000   0000000000000000000000000B1        170513061856     
0010001300014U 020000000000000000000000000000000000000000000000000000000000000000000000000000000000000000000000000000000000000000000000002812201800000000            000000000000000                              000                           
0010001300015T 020290680000000077771 30618562080010161   72080010161     0502201900000000000400000101369230618562080010161        0900000000000020000000000000000000000000000000000000000   0000000000000000000000000B1        170513061856     
0010001300016U 020000000000000000000000000000000000000000000000000000000000000000000000000000000000000000000000000000000000000000000000002812201800000000            000000000000000                              000                           
0010001300017T 020290680000000077771 30618562080010162   72080010162     0503201900000000000400000101369230618562080010162        0900000000000020000000000000000000000000000000000000000   0000000000000000000000000B1        170513061856     
0010001300018U 020000000000000000000000000000000000000000000000000000000000000000000000000000000000000000000000000000000000000000000000002812201800000000            000000000000000                              000                           
0010001300019T 020290680000000077771 30618562080010163   72080010163     0504201900000000000400000101369230618562080010163        0900000000000020000000000000000000000000000000000000000   0000000000000000000000000B1        170513061856     
0010001300020U 020000000000000000000000000000000000000000000000000000000000000000000000000000000000000000000000000000000000000000000000002812201800000000            000000000000000                              000                           
0010001300021T 020290680000000077771 30618562080010164   72080010164     0503201900000000000400000102622030618562080010164        0900000000000020000000000000000000000000000000000000000   0000000000000000000000000B1        170513061856     
0010001300022U 020000000000000000000000000000000000000000000000000000000000000000000000000000000000000000000000000000000000000000000000002812201800000000            000000000000000                              000                           
0010001300023T 020290680000000077771 30618562080010165   72080010165     0504201900000000000400000102622030618562080010165        0900000000000020000000000000000000000000000000000000000   0000000000000000000000000B1        170513061856     
0010001300024U 020000000000000000000000000000000000000000000000000000000000000000000000000000000000000000000000000000000000000000000000002812201800000000            000000000000000                              000                           
0010001300025T 020290680000000077771 30618562080010166   72080010166     0502201900000000000400000101369230618562080010166        0900000000000020000000000000000000000000000000000000000   0000000000000000000000000B1        170513061856     
0010001300026U 020000000000000000000000000000000000000000000000000000000000000000000000000000000000000000000000000000000000000000000000002812201800000000            000000000000000                              000                           
0010001300027T 020290680000000077771 30618562080010167   72080010167     0503201900000000000400000101369230618562080010167        0900000000000020000000000000000000000000000000000000000   0000000000000000000000000B1        170513061856     
0010001300028U 020000000000000000000000000000000000000000000000000000000000000000000000000000000000000000000000000000000000000000000000002812201800000000            000000000000000                              000                           
0010001300029T 020290680000000077771 30618562080010168   72080010168     0504201900000000000400000101369230618562080010168        0900000000000020000000000000000000000000000000000000000   0000000000000000000000000B1        170513061856     
0010001300030U 020000000000000000000000000000000000000000000000000000000000000000000000000000000000000000000000000000000000000000000000002812201800000000            000000000000000                              000                           
0010001300031T 020290680000000077771 30618562080010169   72080010169     0505201900000000000400000101369230618562080010169        0900000000000020000000000000000000000000000000000000000   0000000000000000000000000B1        170513061856     
0010001300032U 020000000000000000000000000000000000000000000000000000000000000000000000000000000000000000000000000000000000000000000000002812201800000000            000000000000000                              000                           
0010001300033T 170290680000000077771 30618560820003070   7               0000000000000000007550000107800X                         0900000000000010000000000000000000000000000000000000000   000000000000000000000070003        170513061856     
0010001300034U 170000000000000000000000000000000000000000000000000000000000000000000000755000000000000748000000000000000000000000000000002812201831122018            000000000000000                              000                           
0010001300035T 060290680000000077771 30618560910043339   70910043339     2812201800000000000900023700345030618560910043339        0900000000000010000000000000000000000000000000000000000   000000000000000000000022700        170513061856     
0010001300036U 060000000000000000000000000000000000000000000000000000000000000000000000090000000000000087730000000000000000000000000000002812201831122018            000000000000000                              000                           
0010001300037T 060290680000000077771 30618560910043340   70910043340     2912201800000000000900010400031030618560910043340        0900000000000010000000000000000000000000000000000000000   000000000000000000000022700        170513061856     
0010001300038U 060000000000000000000000000000000000000000000000000000000000000000000000090000000000000087730000000000000000000000000000002812201831122018            000000000000000                              000                           
0010001300039T 060290680000000077771 30618561250015324   71250015324     1012201800000000002500000103140230618561250015324        0900000000000010000000000000000000000000000000000000000   000000000000000000000022700        170513061856     
0010001300040U 060000000000006440000000000000000000000000000000000000000000000000000000256440000000000254170000000000000000000000000000002812201831122018            000000000000000                              000                           
0010001300041T 060290680000000077771 30618561250015397   71250015397     1001201900000000002500010403281030618561250015397        0900000000000010000000000000000000000000000000000000000   000000000000000000000022700        170513061856     
0010001300042U 060000000000000000000000000000000000000000000000000000000000000000000000250000000000000247730000000000000000000000000000002812201831122018            000000000000000                              000                           
0010001300043T 060290680000000077771 30618561380013557   71380013557     1001201900000000003740010402980030618561380013557        0900000000000010000000000000000000000000000000000000000   000000000000000000000022700        170513061856     
0010001300044U 060000000000000000000000000050000000000000000000000000000000000000000000324000000000000321730000000000000000000000000000002812201831122018            000000000000000                              000                           
0010001300045T 060290680000000077771 30618561450008524   71450008524     1001201900000000004810023700621030618561450008524        0900000000000010000000000000000000000000000000000000000   000000000000000000000022700        170513061856     
0010001300046U 060000000000000000000000000048100000000000000000000000000000000000000000432900000000000430630000000000000000000000000000002812201831122018            000000000000000                              000                           
0010001300047T 060290680000000077771 30618561450008531   71450008531     1001201900000000004810000103469X30618561450008531        0900000000000010000000000000000000000000000000000000000   000000000000000000000022700        170513061856     
0010001300048U 060000000000000000000000000048100000000000000000000000000000000000000000432900000000000430630000000000000000000000000000002812201831122018            000000000000000                              000                           
0010001300049T 060290680000000077771 30618561450008577   71450008577     1001201900000000004810000104436930618561450008577        0900000000000010000000000000000000000000000000000000000   000000000000000000000022700        170513061856     
0010001300050U 060000000000000000000000000048100000000000000000000000000000000000000000432900000000000430630000000000000000000000000000002812201831122018            000000000000000                              000                           
0010001300051T 060290680000000077771 30618561460002212   71460002212     3012201800000000015000000101482630618561460002212        0900000000000010000000000000000000000000000000000000000   000000000000000000000022700        170513061856     
0010001300052U 060000000000000000000000000000000000000000000000000000000000000000000001500000000000001497730000000000000000000000000000002812201831122018            000000000000000                              000                           
0010001300053T 060290680000000077771 30618561460002215   71460002215     3012201800000000008400023700765030618561460002215        0900000000000010000000000000000000000000000000000000000   000000000000000000000022700        170513061856     
0010001300054U 060000000000000000000000000000000000000000000000000000000000000000000000840000000000000837730000000000000000000000000000002812201831122018            000000000000000                              000                           
0010001300055T 060290680000000077771 30618561460002223   71460002223     3012201800000000004770010402002030618561460002223        0900000000000010000000000000000000000000000000000000000   000000000000000000000022700        170513061856     
0010001300056U 060000000000000000000000000000000000000000000000000000000000000000000000477000000000000474730000000000000000000000000000002812201831122018            000000000000000                              000                           
0010001300057T 060290680000000077771 30618561500018439   71500018439     1012201800000000002800000101605530618561500018439        0900000000000010000000000000000000000000000000000000000   000000000000000000000022700        170513061856     
0010001300058U 060000000000007220000000000000000000000000000000000000000000000000000000287220000000000284950000000000000000000000000000002812201831122018            000000000000000                              000                           
0010001300059T 060290680000000077771 30618561500018562   71500018562     1001201900000000002800023700693030618561500018562        0900000000000010000000000000000000000000000000000000000   000000000000000000000022700        170513061856     
0010001300060U 060000000000000000000000000010000000000000000000000000000000000000000000270000000000000267730000000000000000000000000000002812201831122018            000000000000000                              000                           
0010001300061T 060290680000000077771 30618561500018574   71500018574     1001201900000000002800000101041330618561500018574        0900000000000010000000000000000000000000000000000000000   000000000000000000000022700        170513061856     
0010001300062U 060000000000000000000000000010000000000000000000000000000000000000000000270000000000000267730000000000000000000000000000002812201831122018            000000000000000                              000                           
0010001300063T 060290680000000077771 30618561500018624   71500018624     1001201900000000002800000101041330618561500018624        0900000000000010000000000000000000000000000000000000000   000000000000000000000022700        170513061856     
0010001300064U 060000000000000000000000000010000000000000000000000000000000000000000000270000000000000267730000000000000000000000000000002812201831122018            000000000000000                              000                           
0010001300065T 060290680000000077771 30618561510008972   71510008972     0112201800000000009641510400619030618561510008972        0900000000000010000000000000000000000000000000000000000   000000000000000000000022700        170513061856     
0010001300066U 060000000000027920000000000000000000000000000000000000000000000000000000992070000000000989800000000000000000000000000000002812201831122018            000000000000000                              000                           
0010001300067T 060290680000000077771 30618561510009081   71510009081     0101201900000000028579634108279030618561510009081        0900000000000020000000000000000000000000000000000000000   00000000000000000000002270200B1    170513061856     
0010001300068U 060000000000000000000000000002960000000000000000000000000000000000000002855000000000002852730000000000000000000000000000002812201831122018            000000000000000                              000                           
0010001300069T 060290680000000077771 30618561510009110   71510009110     0101201900000000007314800101605530618561510009110        0900000000000010000000000000000000000000000000000000000   000000000000000000000022700        170513061856     
0010001300070U 060000000000000000000000000000000000000000000000000000000000000000000000731480000000000729210000000000000000000000000000002812201831122018            000000000000000                              000                           
0010001300071T 060290680000000077771 30618561510009114   71510009114     0101201900000000003724110401047030618561510009114        0900000000000010000000000000000000000000000000000000000   000000000000000000000022700        170513061856     
0010001300072U 060000000000000000000000000000000000000000000000000000000000000000000000372410000000000370140000000000000000000000000000002812201831122018            000000000000000                              000                           
0010001300073T 060290680000000077771 30618561510009115   71510009115     0101201900000000007195810400619030618561510009115        0900000000000010000000000000000000000000000000000000000   000000000000000000000022700        170513061856     
0010001300074U 060000000000000000000000000000000000000000000000000000000000000000000000719580000000000717310000000000000000000000000000002812201831122018            000000000000000                              000                           
0010001300075T 060290680000000077771 30618561510009120   71510009120     0101201900000000021558000105101230618561510009120        0900000000000010000000000000000000000000000000000000000   000000000000000000000022700        170513061856     
0010001300076U 060000000000000000000000000000000000000000000000000000000000000000000002155800000000002153530000000000000000000000000000002812201831122018            000000000000000                              000                           
0010001300077T 060290680000000077771 30618561510009144   71510009144     0101201900000000005598810402183030618561510009144        0900000000000010000000000000000000000000000000000000000   000000000000000000000022700        170513061856     
0010001300078U 060000000000000000000000000000000000000000000000000000000000000000000000559880000000000557610000000000000000000000000000002812201831122018            000000000000000                              000                           
0010001300079T 060290680000000077771 30618561510009145   71510009145     0101201900000000013561134108130030618561510009145        0900000000000010000000000000000000000000000000000000000   000000000000000000000022700        170513061856     
0010001300080U 060000000000000000000000000000000000000000000000000000000000000000000001356110000000001353840000000000000000000000000000002812201831122018            000000000000000                              000                           
0010001300081T 060290680000000077771 30618561510009153   71510009153     0101201900000000004838010402183030618561510009153        0900000000000010000000000000000000000000000000000000000   000000000000000000000022700        170513061856     
0010001300082U 060000000000000000000000000000000000000000000000000000000000000000000000483800000000000481530000000000000000000000000000002812201831122018            000000000000000                              000                           
0010001300083T 060290680000000077771 30618561510009156   71510009156     0101201900000000005037110400920030618561510009156        0900000000000010000000000000000000000000000000000000000   000000000000000000000022700        170513061856     
0010001300084U 060000000000000000000000000000000000000000000000000000000000000000000000503710000000000501440000000000000000000000000000002812201831122018            000000000000000                              000                           
0010001300085T 060290680000000077771 30618561850005232   71850005232     0501201900000000006000000104436930618561850005232        0900000000000010000000000000000000000000000000000000000   000000000000000000000022700        170513061856     
0010001300086U 060000000000000000000000000000000000000000000000000000000000000000000000600000000000000597730000000000000000000000000000002812201831122018            000000000000000                              000                           
0010001300087T 060290680000000077771 30618561950007280   71950007280     3112201800000000002200010401089030618561950007280        0900000000000010000000000000000000000000000000000000000   000000000000000000000022700        170513061856     
0010001300088U 060000000000000000000000000000000000000000000000000000000000000000000000220000000000000217730000000000000000000000000000002812201831122018            000000000000000                              000                           
0010001300089T 060290680000000077771 30618561950007298   71950007298     1001201900000000002200023700741030618561950007298        0900000000000010000000000000000000000000000000000000000   000000000000000000000022700        170513061856     
0010001300090U 060000000000000000000000000000000000000000000000000000000000000000000000220000000000000217730000000000000000000000000000002812201831122018            000000000000000                              000                           
0010001300091T 060290680000000077771 30618561950007349   71950007349     1001201900000000002200034101649030618561950007349        0900000000000010000000000000000000000000000000000000000   000000000000000000000022700        170513061856     
0010001300092U 060000000000000000000000000000000000000000000000000000000000000000000000220000000000000217730000000000000000000000000000002812201831122018            000000000000000                              000                           
0010001300093T 060290680000000077771 30618561950007452   71950007452     2912201800000000004400000102903330618561950007452        0900000000000010000000000000000000000000000000000000000   000000000000000000000022700        170513061856     
0010001300094U 060000000000000000000000000000000000000000000000000000000000000000000000440000000000000437730000000000000000000000000000002812201831122018            000000000000000                              000                           
0010001300095T 060290680000000077771 30618561980005211   71980005211     3001201900000000006160000103474630618561980005211        0900000000000010000000000000000000000000000000000000000   000000000000000000000022700        170513061856     
0010001300096U 060000000000000000000000000050000000000000000000000000000000000000000000566000000000000563730000000000000000000000000000002812201831122018            000000000000000                              000                           
0010001300097T 060290680000000077771 30618561980005250   71980005250     3001201900000000006160010401276030618561980005250        0900000000000010000000000000000000000000000000000000000   000000000000000000000022700        170513061856     
0010001300098U 060000000000000000000000000050000000000000000000000000000000000000000000566000000000000563730000000000000000000000000000002812201831122018            000000000000000                              000                           
0010001300099T 060290680000000077771 30618562080010160   72080010160     0501201900000000000400034106223030618562080010160        0900000000000010000000000000000000000000000000000000000   000000000000000000000022700        170513061856     
0010001300100U 060000000000000000000000000000000000000000000000000000000000000000000000040000000000000037730000000000000000000000000000002812201831122018            000000000000000                              000                           
0010001300101T 060290680000000077771 30618562350003249   72350003249     3012201800000000001800000102793630618562350003249        0900000000000010000000000000000000000000000000000000000   000000000000000000000022700        170513061856     
0010001300102U 060000000000000000000000000000000000000000000000000000000000000000000000180000000000000177730000000000000000000000000000002812201831122018            000000000000000                              000                           
0010001300103T 060290680000000077771 30618562350003256   72350003256     3012201800000000001845800101369230618562350003256        0900000000000010000000000000000000000000000000000000000   000000000000000000000022700        170513061856     
0010001300104U 060000000000000000000000000000000000000000000000000000000000000000000000184580000000000182310000000000000000000000000000002812201831122018            000000000000000                              000                           
0010001300105T 060290680000000077771 30618562350003260   72350003260     3012201800000000001725410403572030618562350003260        0900000000000010000000000000000000000000000000000000000   000000000000000000000022700        170513061856     
0010001300106U 060000000000000000000000000000000000000000000000000000000000000000000000172540000000000170270000000000000000000000000000002812201831122018            000000000000000                              000                           
0010001300107T 060290680000000077771 30618562350003263   72350003263     3012201800000000003536034108527030618562350003263        0900000000000010000000000000000000000000000000000000000   000000000000000000000022700        170513061856     
0010001300108U 060000000000000000000000000000000000000000000000000000000000000000000000353600000000000351330000000000000000000000000000002812201831122018            000000000000000                              000                           
0010001300109T 060290680000000077771 30618562350003264   72350003264     3012201800000000001391023703238030618562350003264        0900000000000010000000000000000000000000000000000000000   000000000000000000000022700        170513061856     
0010001300110U 060000000000000000000000000000000000000000000000000000000000000000000000139100000000000136830000000000000000000000000000002812201831122018            000000000000000                              000                           
0010001300111T 060290680000000077771 30618562350003266   72350003266     3012201800000000001300000103646330618562350003266        0900000000000010000000000000000000000000000000000000000   000000000000000000000022700        170513061856     
0010001300112U 060000000000000000000000000000000000000000000000000000000000000000000000130000000000000127730000000000000000000000000000002812201831122018            000000000000000                              000                           
0010001300113T 060290680000000077771 30618562350003267   72350003267     3012201800000000001500034109048030618562350003267        0900000000000010000000000000000000000000000000000000000   000000000000000000000022700        170513061856     
0010001300114U 060000000000000000000000000000000000000000000000000000000000000000000000150000000000000147730000000000000000000000000000002812201831122018            000000000000000                              000                           
0010001300115T 060290680000000077771 30618562420000210   72420000210     0501201900000000005490010400919030618562420000210        0900000000000010000000000000000000000000000000000000000   000000000000000000000022700        170513061856     
0010001300116U 060000000000000000000000000000000000000000000000000000000000000000000000549000000000000546730000000000000000000000000000002812201831122018            000000000000000                              000                           
0010001300117T 060290680000000077771 30618562520000169   72520000169     2812201800000000005196023701593030618562520000169        0900000000000010000000000000000000000000000000000000000   000000000000000000000022700        170513061856     
0010001300118U 060000000000000000000000000000000000000000000000000000000000000000000000519600000000000517330000000000000000000000000000002812201831122018            000000000000000                              000                           
0010001300119T 060290680000000077771 30618562520000170   72520000170     2812201800000000004196423701593030618562520000170        0900000000000010000000000000000000000000000000000000000   000000000000000000000022700        170513061856     
0010001300120U 060000000000000000000000000000000000000000000000000000000000000000000000419640000000000417370000000000000000000000000000002812201831122018            000000000000000                              000                           
0010001300121T 060290680000000077771 30618562520000172   72520000172     3112201800000000001798823707735030618562520000172        0900000000000010000000000000000000000000000000000000000   000000000000000000000022700        170513061856     
0010001300122U 060000000000000000000000000000000000000000000000000000000000000000000000179880000000000177610000000000000000000000000000002812201831122018            000000000000000                              000                           
0010001300123T 090290680000000077771 30618561250015369   71250015369     2911201800000000001000000101041330618561250015369        0900000000000000000000000000000000000000000000000000000   000000000000000000000000010        170513061856     
0010001300124U 090000000000000000000000000000000000000000000000000000000000000000000000000000000000000000000000000000000000000000000000002812201800000000            000000000000000                              000                           
0010001300125T 090290680000000077771 30618562080009956   72080009956     2911201800000000003800000101369230618562080009956        0900000000000000000000000000000000000000000000000000000   000000000000000000000000010        170513061856     
0010001300126U 090000000000000000000000000000000000000000000000000000000000000000000000000000000000000000000000000000000000000000000000002812201800000000            000000000000000                              000                           
0010001300127T 090290680000000077771 30618562080010024   72080010024     2911201800000000001200000101369230618562080010024        0900000000000000000000000000000000000000000000000000000   000000000000000000000000010        170513061856     
0010001300128U 090000000000000000000000000000000000000000000000000000000000000000000000000000000000000000000000000000000000000000000000002812201800000000            000000000000000                              000                           
0010001300129T 030290680000000077771 30618561520006314   71520006314     1001201900000000005000000100000 30618561520006314        0900000000000000000000000000000000000000000000000000000   000000000000000000000000063        170513061856     
0010001300130U 030000000000000000000000000000000000000000000000000000000000000000000000000000000000000000000000000000000000000000000000002812201800000000            000000000000000                              000                           
0010001300131T 030290680000000077771 30618561520006315   71520006315     1001201900000000010050000100000 30618561520006315        0900000000000000000000000000000000000000000000000000000   000000000000000000000000063        170513061856     
0010001300132U 030000000000000000000000000000000000000000000000000000000000000000000000000000000000000000000000000000000000000000000000002812201800000000            000000000000000                              000                           
0010001300133T 030290680000000077771 30618561520006316   71520006316     1001201900000000001450000100000 30618561520006316        0900000000000000000000000000000000000000000000000000000   000000000000000000000000063        170513061856     
0010001300134U 030000000000000000000000000000000000000000000000000000000000000000000000000000000000000000000000000000000000000000000000002812201800000000            000000000000000                              000                           
0010001300135T 030290680000000077771 30618561520006317   71520006317     1001201900000000005000000100000 30618561520006317        0900000000000000000000000000000000000000000000000000000   000000000000000000000000063        170513061856     
0010001300136U 030000000000000000000000000000000000000000000000000000000000000000000000000000000000000000000000000000000000000000000000002812201800000000            000000000000000                              000                           
0010001300137T 030290680000000077771 30618561520006318   71520006318     1001201900000000005050000100000 30618561520006318        0900000000000000000000000000000000000000000000000000000   000000000000000000000000063        170513061856     
0010001300138U 030000000000000000000000000000000000000000000000000000000000000000000000000000000000000000000000000000000000000000000000002812201800000000            000000000000000                              000                           
0010001300139T 030290680000000077771 30618561520006319   71520006319     1001201900000000004562500100000 30618561520006319        0900000000000000000000000000000000000000000000000000000   000000000000000000000000063        170513061856     
0010001300140U 030000000000000000000000000000000000000000000000000000000000000000000000000000000000000000000000000000000000000000000000002812201800000000            000000000000000                              000                           
00100015         000142002429000000000988413350000000000000000000000000000000000000000000000000000000000000000000000000000000000000000000000000000                                                                                              
00199999         000001000144000000                                                                                                                                                            00000000000000000000000000000                    
