00100000         2000000000000000030618560014       0000000000000000000 APENAS PARA TESTE             BANCO DO BRASIL                         22712201801074600033403000000909123321PROCESSAMEN                                                 
00100011T0100020 20000000000000000030618560014       0000000000000000000 APENAS PARA TESTE                                                                                             000000002712201800000000  000000000                      
0010001300001T 020290680000000077771 30618560910043339   70910043339     2812201800000000000900000101041330618560910043339        0900000000000020000000000000000000000000000000000000000   0000000000000000000000000B1        170513061856     
0010001300002U 020000000000000000000000000000000000000000000000000000000000000000000000000000000000000000000000000000000000000000000000002712201800000000            000000000000000                              000                           
0010001300003T 020290680000000077771 30618561520006314   71520006314     1001201900000000005000000101369230618561520006314        0900000000000020000000000000000000000000000000000000000   0000000000000000000000000B1        170513061856     
0010001300004U 020000000000000000000000000000000000000000000000000000000000000000000000000000000000000000000000000000000000000000000000002712201800000000            000000000000000                              000                           
0010001300005T 020290680000000077771 30618561520006315   71520006315     1001201900000000010050000101369230618561520006315        0900000000000020000000000000000000000000000000000000000   0000000000000000000000000B1        170513061856     
0010001300006U 020000000000000000000000000000000000000000000000000000000000000000000000000000000000000000000000000000000000000000000000002712201800000000            000000000000000                              000                           
0010001300007T 020290680000000077771 30618561520006316   71520006316     1001201900000000001450000101369230618561520006316        0900000000000020500000000000000000000000000000000000000   0000000000000000000000000B1A4      170513061856     
0010001300008U 020000000000000000000000000000000000000000000000000000000000000000000000000000000000000000000000000000000000000000000000002712201800000000            000000000000000                              000                           
0010001300009T 020290680000000077771 30618561520006317   71520006317     1001201900000000005000000103880630618561520006317        0900000000000020000000000000000000000000000000000000000   0000000000000000000000000B1        170513061856     
0010001300010U 020000000000000000000000000000000000000000000000000000000000000000000000000000000000000000000000000000000000000000000000002712201800000000            000000000000000                              000                           
0010001300011T 020290680000000077771 30618561520006318   71520006318     1001201900000000005050000101369230618561520006318        0900000000000020000000000000000000000000000000000000000   0000000000000000000000000B1        170513061856     
0010001300012U 020000000000000000000000000000000000000000000000000000000000000000000000000000000000000000000000000000000000000000000000002712201800000000            000000000000000                              000                           
0010001300013T 020290680000000077771 30618561520006319   71520006319     1001201900000000004562500101369230618561520006319        0900000000000020000000000000000000000000000000000000000   0000000000000000000000000B1        170513061856     
0010001300014U 020000000000000000000000000000000000000000000000000000000000000000000000000000000000000000000000000000000000000000000000002712201800000000            000000000000000                              000                           
0010001300015T 020290680000000077771 30618561950007451   71950007451     2812201800000000004448000101041330618561950007451        0900000000000020000000000000000000000000000000000000000   0000000000000000000000000B1        170513061856     
0010001300016U 020000000000000000000000000000000000000000000000000000000000000000000000000000000000000000000000000000000000000000000000002712201800000000            000000000000000                              000                           
0010001300017T 020290680000000077771 30618562540000002   72540000002     0501201900000000000200000101369230618562540000002        0900000000000020500000000000000000000000000000000000000   0000000000000000000000000B1A4      170513061856     
0010001300018U 020000000000000000000000000000000000000000000000000000000000000000000000000000000000000000000000000000000000000000000000002712201800000000            000000000000000                              000                           
0010001300019T 020290680000000077771 30618562540000003   72540000003     0601201900000000000250000101369230618562540000003        0900000000000020500000000000000000000000000000000000000   0000000000000000000000000B1A4      170513061856     
0010001300020U 020000000000000000000000000000000000000000000000000000000000000000000000000000000000000000000000000000000000000000000000002712201800000000            000000000000000                              000                           
0010001300021T 020290680000000077771 30618562540000004   72540000004     0601201900000000000200000101369230618562540000004        0900000000000020000000000000000000000000000000000000000   0000000000000000000000000B1        170513061856     
0010001300022U 020000000000000000000000000000000000000000000000000000000000000000000000000000000000000000000000000000000000000000000000002712201800000000            000000000000000                              000                           
0010001300023T 020290680000000077771 30618562540000005   72540000005     0601201900000000000200000101369230618562540000005        0900000000000020000000000000000000000000000000000000000   0000000000000000000000000B1        170513061856     
0010001300024U 020000000000000000000000000000000000000000000000000000000000000000000000000000000000000000000000000000000000000000000000002712201800000000            000000000000000                              000                           
0010001300025T 060290680000000077771 30618560980011274   70980011274     1001201900000000003000023703238030618560980011274        0900000000000010000000000000000000000000000000000000000   000000000000000000000022700        170513061856     
0010001300026U 060000000000000000000000000010000000000000000000000000000000000000000000290000000000000287730000000000000000000000000000002712201828122018            000000000000000                              000                           
0010001300027T 060290680000000077771 30618561250015259   71250015259     2812201800000000002500023700295030618561250015259        0900000000000010000000000000000000000000000000000000000   000000000000000000000022700        170513061856     
0010001300028U 060000000000006360000000000000000000000000000000000000000000000000000000256360000000000254090000000000000000000000000000002712201828122018            000000000000000                              000                           
0010001300029T 060290680000000077771 30618561250015318   71250015318     2612201800000000002500010400926030618561250015318        0900000000000010000000000000000000000000000000000000000   000000000000000000000022700        170513061856     
0010001300030U 060000000000005080000000000000000000000000000000000000000000000000000000255080000000000252810000000000000000000000000000002712201828122018            000000000000000                              000                           
0010001300031T 060290680000000077771 30618561250015342   71250015342     2012201800000000001200010403281030618561250015342        0900000000000010000000000000000000000000000000000000000   000000000000000000000022700        170513061856     
0010001300032U 060000000000002680000000000000000000000000000000000000000000000000000000122680000000000120410000000000000000000000000000002712201828122018            000000000000000                              000                           
0010001300033T 060290680000000077771 30618561250015372   71250015372     2512201800000000002320000101295530618561250015372        0900000000000010000000000000000000000000000000000000000   000000000000000000000022700        170513061856     
0010001300034U 060000000000004780000000000000000000000000000000000000000000000000000000236780000000000234510000000000000000000000000000002712201828122018            000000000000000                              000                           
0010001300035T 060290680000000077771 30618561450008543   71450008543     1001201900000000004810010401922030618561450008543        0900000000000010000000000000000000000000000000000000000   000000000000000000000022700        170513061856     
0010001300036U 060000000000000000000000000048100000000000000000000000000000000000000000432900000000000430630000000000000000000000000000002712201828122018            000000000000000                              000                           
0010001300037T 060290680000000077771 30618561460002225   71460002225     3012201800000000019080000101041330618561460002225        0900000000000010000000000000000000000000000000000000000   000000000000000000000022700        170513061856     
0010001300038U 060000000000000000000000000000000000000000000000000000000000000000000001908000000000001905730000000000000000000000000000002712201828122018            000000000000000                              000                           
0010001300039T 060290680000000077771 30618561510009111   71510009111     0201201900000000012032200100852430618561510009111        0900000000000010000000000000000000000000000000000000000   000000000000000000000022700        170513061856     
0010001300040U 060000000000000000000000000000000000000000000000000000000000000000000001203220000000001200950000000000000000000000000000002712201828122018            000000000000000                              000                           
0010001300041T 060290680000000077771 30618561510009113   71510009113     0101201900000000005407810401047030618561510009113        0900000000000010000000000000000000000000000000000000000   000000000000000000000022700        170513061856     
0010001300042U 060000000000000000000000000000000000000000000000000000000000000000000000540780000000000538510000000000000000000000000000002712201828122018            000000000000000                              000                           
0010001300043T 060290680000000077771 30618561510009173   71510009173     0101201900000000015546000102793630618561510009173        0900000000000010000000000000000000000000000000000000000   000000000000000000000022700        170513061856     
0010001300044U 060000000000000000000000000000000000000000000000000000000000000000000001554600000000001552330000000000000000000000000000002712201828122018            000000000000000                              000                           
0010001300045T 060290680000000077771 30618561510009206   71510009206     0101201900000000003000000103982930618561510009206        0900000000000010000000000000000000000000000000000000000   000000000000000000000022700        170513061856     
0010001300046U 060000000000000000000000000000000000000000000000000000000000000000000000300000000000000297730000000000000000000000000000002712201828122018            000000000000000                              000                           
0010001300047T 060290680000000077771 30618561510009209   71510009209     2601201900000000006500023700564030618561510009209        0900000000000010000000000000000000000000000000000000000   000000000000000000000022700        170513061856     
0010001300048U 060000000000000000000000000000000000000000000000000000000000000000000000650000000000000647730000000000000000000000000000002712201828122018            000000000000000                              000                           
0010001300049T 060290680000000077771 30618561950007253   71950007253     2812201800000000002200034104442030618561950007253        0900000000000010000000000000000000000000000000000000000   000000000000000000000022700        170513061856     
0010001300050U 060000000000004890000000000000000000000000000000000000000000000000000000224890000000000222620000000000000000000000000000002712201828122018            000000000000000                              000                           
0010001300051T 060290680000000077771 30618562020001913   72020001913     3012201800000000000426010400746030618562020001913        0900000000000010000000000000000000000000000000000000000   000000000000000000000022700        170513061856     
0010001300052U 060000000000000000000000000000000000000000000000000000000000000000000000042600000000000040330000000000000000000000000000002712201828122018            000000000000000                              000                           
0010001300053T 060290680000000077771 30618562020001940   72020001940     3012201800000000002350000101035930618562020001940        0900000000000010000000000000000000000000000000000000000   000000000000000000000022700        170513061856     
0010001300054U 060000000000000000000000000000000000000000000000000000000000000000000000235000000000000232730000000000000000000000000000002712201828122018            000000000000000                              000                           
0010001300055T 060290680000000077771 30618562020001941   72020001941     3012201800000000002820010400746030618562020001941        0900000000000010000000000000000000000000000000000000000   000000000000000000000022700        170513061856     
0010001300056U 060000000000000000000000000000000000000000000000000000000000000000000000282000000000000279730000000000000000000000000000002712201828122018            000000000000000                              000                           
0010001300057T 060290680000000077771 30618562020001942   72020001942     3012201800000000004700010400746030618562020001942        0900000000000010000000000000000000000000000000000000000   000000000000000000000022700        170513061856     
0010001300058U 060000000000000000000000000000000000000000000000000000000000000000000000470000000000000467730000000000000000000000000000002712201828122018            000000000000000                              000                           
0010001300059T 060290680000000077771 30618562020001943   72020001943     3012201800000000001616010400746030618562020001943        0900000000000010000000000000000000000000000000000000000   000000000000000000000022700        170513061856     
0010001300060U 060000000000000000000000000000000000000000000000000000000000000000000000161600000000000159330000000000000000000000000000002712201828122018            000000000000000                              000                           
0010001300061T 060290680000000077771 30618562080010152   72080010152     2812201800000000002000010403281030618562080010152        0900000000000010000000000000000000000000000000000000000   000000000000000000000022700        170513061856     
0010001300062U 060000000000000000000000000000000000000000000000000000000000000000000000200000000000000197730000000000000000000000000000002712201828122018            000000000000000                              000                           
0010001300063T 060290680000000077771 30618562210011299   72210011299     1012201800000000003890000102906830618562210011299        0900000000000010000000000000000000000000000000000000000   000000000000000000000022700        170513061856     
0010001300064U 060000000000009820000000000000000000000000000000000000000000000000000000398820000000000396550000000000000000000000000000002712201828122018            000000000000000                              000                           
0010001300065T 060290680000000077771 30618562210011622   72210011622     1012201800000000003890000101218130618562210011622        0900000000000010000000000000000000000000000000000000000   000000000000000000000022700        170513061856     
0010001300066U 060000000000009820000000000000000000000000000000000000000000000000000000398820000000000396550000000000000000000000000000002712201828122018            000000000000000                              000                           
0010001300067T 060290680000000077771 30618562350003169   72350003169     1512201800000000002034810404689030618562350003169        0900000000000010000000000000000000000000000000000000000   000000000000000000000022700        170513061856     
0010001300068U 060000000000012100000000000000000000000000000000000000000000000000000000215580000000000213310000000000000000000000000000002712201828122018            000000000000000                              000                           
0010001300069T 060290680000000077771 30618562350003221   72350003221     2712201800000000002543434109926030618562350003221        0900000000000010000000000000000000000000000000000000000   000000000000000000000022700        170513061856     
0010001300070U 060000000000000000000000000000000000000000000000000000000000000000000000254340000000000252070000000000000000000000000000002712201828122018            000000000000000                              000                           
0010001300071T 060290680000000077771 30618562350003242   72350003242     3012201800000000002664923700288030618562350003242        0900000000000010000000000000000000000000000000000000000   000000000000000000000022700        170513061856     
0010001300072U 060000000000000000000000000000000000000000000000000000000000000000000000266490000000000264220000000000000000000000000000002712201828122018            000000000000000                              000                           
0010001300073T 090290680000000077771 30618561250015365   71250015365     1012201800000000002500000101041330618561250015365        0900000000000000000000000000000000000000000000000000000   000000000000000000000000010        170513061856     
0010001300074U 090000000000000000000000000000000000000000000000000000000000000000000000000000000000000000000000000000000000000000000000002712201800000000            000000000000000                              000                           
0010001300075T 090290680000000077771 30618561500018317   71500018317     1012201800000000002800000101041330618561500018317        0900000000000000000000000000000000000000000000000000000   000000000000000000000000010        170513061856     
0010001300076U 090000000000000000000000000000000000000000000000000000000000000000000000000000000000000000000000000000000000000000000000002712201800000000            000000000000000                              000                           
0010001300077T 090290680000000077771 30618561500018519   71500018519     1012201800000000002800000101041330618561500018519        0900000000000000000000000000000000000000000000000000000   000000000000000000000000010        170513061856     
0010001300078U 090000000000000000000000000000000000000000000000000000000000000000000000000000000000000000000000000000000000000000000000002712201800000000            000000000000000                              000                           
0010001300079T 090290680000000077771 30618562350003203   72350003203     2012201800000000001000000101041330618562350003203        0900000000000000000000000000000000000000000000000000000   000000000000000000000000010        170513061856     
0010001300080U 090000000000000000000000000000000000000000000000000000000000000000000000000000000000000000000000000000000000000000000000002712201800000000            000000000000000                              000                           
0010001300081T 140290680000000077771 30618561250015259   71250015259     2812201800000000002500000101041330618561250015259        0900000000000000000000000000000000000000000000000000000   000000000000000000000000000        170513061856     
0010001300082U 140000000000000000000000000000000000000000000000000000000000000000000000000000000000000000000000000000000000000000000000002712201800000000            000000000000000                              000                           
0010001300083T 140290680000000077771 30618561250015348   71250015348     3112201800000000002500000101041330618561250015348        0900000000000000000000000000000000000000000000000000000   000000000000000000000000000        170513061856     
0010001300084U 140000000000000000000000000000000000000000000000000000000000000000000000000000000000000000000000000000000000000000000000002712201800000000            000000000000000                              000                           
0010001300085T 140290680000000077771 30618561950007253   71950007253     2812201800000000002200000101041330618561950007253        0900000000000000000000000000000000000000000000000000000   000000000000000000000000000        170513061856     
0010001300086U 140000000000000000000000000000000000000000000000000000000000000000000000000000000000000000000000000000000000000000000000002712201800000000            000000000000000                              000                           
0010001300087T 140290680000000077771 30618562350003221   72350003221     2712201800000000002543400101369230618562350003221        0900000000000000000000000000000000000000000000000000000   000000000000000000000000000        170513061856     
0010001300088U 140000000000000000000000000000000000000000000000000000000000000000000000000000000000000000000000000000000000000000000000002712201800000000            000000000000000                              000                           
00100015         000090002460000000001010899210000000000000000000000000000000000000000000000000000000000000000000000000000000000000000000000000000                                                                                              
00199999         000001000092000000                                                                                                                                                            00000000000000000000000000000                    
