00100000         2000000000000000028144850014       0000000000000000000 APENAS PARA TESTE                                                     22712201801074600123503000000909123321PROCESSAMEN                                                 
00100011T0100020 20000000000000000028144850014       0000000000000000000 APENAS PARA TESTE                                                                                             000000002712201800000000  000000000                      
0010001300001T 060290680000000077771 28144850870013512   70870013512     1512201800000000000600010400619028144850870013512        0900000000000010000000000000000000000000000000000000000   000000000000000000000029000        171162814485     
0010001300002U 060000000000003000000000000000000000000000000000000000000000000000000000063000000000000060100000000000000000000000000000002712201828122018            000000000000000                              000                           
0010001300003T 060290680000000077771 28144850870013513   70870013513     1512201800000000000600010401560028144850870013513        0900000000000010000000000000000000000000000000000000000   000000000000000000000029000        171162814485     
0010001300004U 060000000000003000000000000000000000000000000000000000000000000000000000063000000000000060100000000000000000000000000000002712201828122018            000000000000000                              000                           
0010001300005T 060290680000000077771 28144850910043216   70910043216     2712201800000000001049023700608028144850910043216        0900000000000010000000000000000000000000000000000000000   000000000000000000000029000        171162814485     
0010001300006U 060000000000000000000000000000000000000000000000000000000000000000000000104900000000000102000000000000000000000000000000002712201828122018            000000000000000                              000                           
0010001300007T 060290680000000077771 28144850980011254   70980011254     1012201800000000003000010400031028144850980011254        0900000000000010000000000000000000000000000000000000000   000000000000000000000029000        171162814485     
0010001300008U 060000000000007700000000000000000000000000000000000000000000000000000000307700000000000304800000000000000000000000000000002712201828122018            000000000000000                              000                           
0010001300009T 060290680000000077771 28144851350005654   71350005654     3012201800000000001300010400619028144851350005654        0900000000000010000000000000000000000000000000000000000   000000000000000000000029000        171162814485     
0010001300010U 060000000000000000000000000000000000000000000000000000000000000000000000130000000000000127100000000000000000000000000000002712201828122018            000000000000000                              000                           
0010001300011T 060290680000000077771 28144851350006261   71350006261     3012201800000000002360010400926028144851350006261        0900000000000010000000000000000000000000000000000000000   000000000000000000000029000        171162814485     
0010001300012U 060000000000000000000000000000000000000000000000000000000000000000000000236000000000000233100000000000000000000000000000002712201828122018            000000000000000                              000                           
0010001300013T 060290680000000077771 28144851350006264   71350006264     3012201800000000001500010404254028144851350006264        0900000000000010000000000000000000000000000000000000000   000000000000000000000029000        171162814485     
0010001300014U 060000000000000000000000000000000000000000000000000000000000000000000000150000000000000147100000000000000000000000000000002712201828122018            000000000000000                              000                           
0010001300015T 060290680000000077771 28144851350006318   71350006318     3012201800000000001200010401089028144851350006318        0900000000000010000000000000000000000000000000000000000   000000000000000000000029000        171162814485     
0010001300016U 060000000000000000000000000000000000000000000000000000000000000000000000120000000000000117100000000000000000000000000000002712201828122018            000000000000000                              000                           
0010001300017T 060290680000000077771 28144851350006332   71350006332     3012201800000000001500023703238028144851350006332        0900000000000010000000000000000000000000000000000000000   000000000000000000000029000        171162814485     
0010001300018U 060000000000000000000000000000000000000000000000000000000000000000000000150000000000000147100000000000000000000000000000002712201828122018            000000000000000                              000                           
0010001300019T 060290680000000077771 28144851350006338   71350006338     3012201800000000001200010403418028144851350006338        0900000000000010000000000000000000000000000000000000000   000000000000000000000029000        171162814485     
0010001300020U 060000000000000000000000000000000000000000000000000000000000000000000000120000000000000117100000000000000000000000000000002712201828122018            000000000000000                              000                           
0010001300021T 060290680000000077771 28144851380013071   71380013071     0101201900000000005522000103469X28144851380013071        0900000000000010000000000000000000000000000000000000000   000000000000000000000029000        171162814485     
0010001300022U 060000000000000000000000000000000000000000000000000000000000000000000000552200000000000549300000000000000000000000000000002712201828122018            000000000000000                              000                           
0010001300023T 060290680000000077771 28144851610004301   71610004301     0501201900000000005500000101605528144851610004301        0900000000000010000000000000000000000000000000000000000   000000000000000000000029000        171162814485     
0010001300024U 060000000000000000000000000000000000000000000000000000000000000000000000550000000000000547100000000000000000000000000000002712201828122018            000000000000000                              000                           
0010001300025T 060290680000000077771 28144852140048988   732989          2512201800000000002300000101041328144852140048988        0900000000000010000000000000000000000000000000000000000   000000000000000000000029000        171162814485     
0010001300026U 060000000000004940000000000000000000000000000000000000000000000000000000234940000000000232040000000000000000000000000000002712201828122018            000000000000000                              000                           
0010001300027T 090290680000000077771 28144851510008807   71510008807     2811201800000000006555400101369228144851510008807        0900000000000000000000000000000000000000000000000000000   000000000000000000000000010        171162814485     
0010001300028U 090000000000000000000000000000000000000000000000000000000000000000000000000000000000000000000000000000000000000000000000002712201800000000            000000000000000                              000                           
0010001300029T 090290680000000077771 28144851520006312   71520006312     1012201800000000003400000101369228144851520006312        0900000000000000000000000000000000000000000000000000000   000000000000000000000000010        171162814485     
0010001300030U 090000000000000000000000000000000000000000000000000000000000000000000000000000000000000000000000000000000000000000000000002712201800000000            000000000000000                              000                           
0010001300031T 090290680000000077771 28144852140053234   737236          2811201800000000002050000101041328144852140053234        0900000000000000000000000000000000000000000000000000000   000000000000000000000000010        171162814485     
0010001300032U 090000000000000000000000000000000000000000000000000000000000000000000000000000000000000000000000000000000000000000000000002712201800000000            000000000000000                              000                           
0010001300033T 090290680000000077771 28144852140053267   737269          2811201800000000001830000101041328144852140053267        0900000000000000000000000000000000000000000000000000000   000000000000000000000000010        171162814485     
0010001300034U 090000000000000000000000000000000000000000000000000000000000000000000000000000000000000000000000000000000000000000000000002712201800000000            000000000000000                              000                           
0010001300035T 030290680000000077771 28144851500013443   71500013443     0000000000000000002300000100000 28144851500013443        0900000000000000000000000000000000000000000000000000000   000000000000000000000000060        171162814485     
0010001300036U 030000000000000000000000000000000000000000000000000000000000000000000000000000000000000000000000000000000000000000000000002712201800000000            000000000000000                              000                           
0010001300037T 030290680000000077771 28144851500013733   71500013733     0000000000000000002300000100000 28144851500013733        0900000000000000000000000000000000000000000000000000000   000000000000000000000000060        171162814485     
0010001300038U 030000000000000000000000000000000000000000000000000000000000000000000000000000000000000000000000000000000000000000000000002712201800000000            000000000000000                              000                           
0010001300039T 030290680000000077771 28144851500016121   71500016121     0000000000000000002300000100000 28144851500016121        0900000000000000000000000000000000000000000000000000000   000000000000000000000000060        171162814485     
0010001300040U 030000000000000000000000000000000000000000000000000000000000000000000000000000000000000000000000000000000000000000000000002712201800000000            000000000000000                              000                           
0010001300041T 030290680000000077771 28144851520006296   71520006296     0000000000000000015000000100000 28144851520006296        0900000000000000000000000000000000000000000000000000000   000000000000000000000000060        171162814485     
0010001300042U 030000000000000000000000000000000000000000000000000000000000000000000000000000000000000000000000000000000000000000000000002712201800000000            000000000000000                              000                           
0010001300043T 030290680000000077771 28144851520006301   71520006301     0000000000000000004000000100000 28144851520006301        0900000000000000000000000000000000000000000000000000000   000000000000000000000000060        171162814485     
0010001300044U 030000000000000000000000000000000000000000000000000000000000000000000000000000000000000000000000000000000000000000000000002712201800000000            000000000000000                              000                           
00100015         000046000948000000000361352040000000000000000000000000000000000000000000000000000000000000000000000000000000000000000000000000000                                                                                              
00199999         000001000048000000                                                                                                                                                            00000000000000000000000000000                    
