00100000         2000000000000000000000000000       0000000000000000000                               BANCO DO BRASIL                         22812201801062300123603000000909123321PROCESSAMEN                                                 
00100011T0100020 20000000000000000028144850014       0000000000000000000 APENAS PARA TESTE                                                                                             000000002812201800000000  000000000                      
0010001300001T 060290680000000077771 28144850870013498   70870013498     1512201800000000000600000101605528144850870013498        0900000000000010000000000000000000000000000000000000000   000000000000000000000029000        171162814485     
0010001300002U 060000000000003000000000000000000000000000000000000000000000000000000000063000000000000060100000000000000000000000000000002812201831122018            000000000000000                              000                           
0010001300003T 060290680000000077771 28144850910043129   70910043129     3012201800000000000650010402183028144850910043129        0900000000000010000000000000000000000000000000000000000   000000000000000000000029000        171162814485     
0010001300004U 060000000000000000000000000000000000000000000000000000000000000000000000065000000000000062100000000000000000000000000000002812201831122018            000000000000000                              000                           
0010001300005T 060290680000000077771 28144850910043142   70910043142     2012201800000000000600010402183028144850910043142        0900000000000010000000000000000000000000000000000000000   000000000000000000000029000        171162814485     
0010001300006U 060000000000005500000000000000000000000000000000000000000000000000000000065500000000000062600000000000000000000000000000002812201831122018            000000000000000                              000                           
0010001300007T 060290680000000077771 28144851350005213   71350005213     3012201800000000002100023700625028144851350005213        0900000000000010000000000000000000000000000000000000000   000000000000000000000029000        171162814485     
0010001300008U 060000000000000000000000000000000000000000000000000000000000000000000000210000000000000207100000000000000000000000000000002812201831122018            000000000000000                              000                           
0010001300009T 060290680000000077771 28144851350006258   71350006258     3012201800000000002060034103827028144851350006258        0900000000000010000000000000000000000000000000000000000   000000000000000000000029000        171162814485     
0010001300010U 060000000000000000000000000000000000000000000000000000000000000000000000206000000000000203100000000000000000000000000000002812201831122018            000000000000000                              000                           
0010001300011T 060290680000000077771 28144851350006270   71350006270     3012201800000000005970003304653028144851350006270        0900000000000010000000000000000000000000000000000000000   000000000000000000000029000        171162814485     
0010001300012U 060000000000000000000000000000000000000000000000000000000000000000000000597000000000000594100000000000000000000000000000002812201831122018            000000000000000                              000                           
0010001300013T 060290680000000077771 28144851350006276   71350006276     3012201800000000003290010400751028144851350006276        0900000000000010000000000000000000000000000000000000000   000000000000000000000029000        171162814485     
0010001300014U 060000000000000000000000000000000000000000000000000000000000000000000000329000000000000326100000000000000000000000000000002812201831122018            000000000000000                              000                           
0010001300015T 060290680000000077771 28144851350006279   71350006279     3012201800000000003630023701302028144851350006279        0900000000000010000000000000000000000000000000000000000   000000000000000000000029000        171162814485     
0010001300016U 060000000000000000000000000000000000000000000000000000000000000000000000363000000000000360100000000000000000000000000000002812201831122018            000000000000000                              000                           
0010001300017T 060290680000000077771 28144851350006286   71350006286     3012201800000000001590034100366028144851350006286        0900000000000010000000000000000000000000000000000000000   000000000000000000000029000        171162814485     
0010001300018U 060000000000000000000000000000000000000000000000000000000000000000000000159000000000000156100000000000000000000000000000002812201831122018            000000000000000                              000                           
0010001300019T 060290680000000077771 28144851350006308   71350006308     3012201800000000001340034101646028144851350006308        0900000000000010000000000000000000000000000000000000000   000000000000000000000029000        171162814485     
0010001300020U 060000000000000000000000000000000000000000000000000000000000000000000000134000000000000131100000000000000000000000000000002812201831122018            000000000000000                              000                           
0010001300021T 060290680000000077771 28144851350006317   71350006317     3012201800000000001240003304172028144851350006317        0900000000000010000000000000000000000000000000000000000   000000000000000000000029000        171162814485     
0010001300022U 060000000000000000000000000000000000000000000000000000000000000000000000124000000000000121100000000000000000000000000000002812201831122018            000000000000000                              000                           
0010001300023T 060290680000000077771 28144851350006320   71350006320     3012201800000000001500023701234028144851350006320        0900000000000010000000000000000000000000000000000000000   000000000000000000000029000        171162814485     
0010001300024U 060000000000000000000000000000000000000000000000000000000000000000000000150000000000000147100000000000000000000000000000002812201831122018            000000000000000                              000                           
0010001300025T 060290680000000077771 28144851350006324   71350006324     3012201800000000002000023700741028144851350006324        0900000000000010000000000000000000000000000000000000000   000000000000000000000029000        171162814485     
0010001300026U 060000000000000000000000000000000000000000000000000000000000000000000000200000000000000197100000000000000000000000000000002812201831122018            000000000000000                              000                           
0010001300027T 060290680000000077771 28144851350006333   71350006333     3012201800000000001500010400898028144851350006333        0900000000000010000000000000000000000000000000000000000   000000000000000000000029000        171162814485     
0010001300028U 060000000000000000000000000000000000000000000000000000000000000000000000150000000000000147100000000000000000000000000000002812201831122018            000000000000000                              000                           
0010001300029T 060290680000000077771 28144851350006334   71350006334     3012201800000000001500000103515728144851350006334        0900000000000010000000000000000000000000000000000000000   000000000000000000000029000        171162814485     
0010001300030U 060000000000000000000000000000000000000000000000000000000000000000000000150000000000000147100000000000000000000000000000002812201831122018            000000000000000                              000                           
0010001300031T 060290680000000077771 28144851610004293   71610004293     0501201900000000005500000102793628144851610004293        0900000000000010000000000000000000000000000000000000000   000000000000000000000029000        171162814485     
0010001300032U 060000000000000000000000000000000000000000000000000000000000000000000000550000000000000547100000000000000000000000000000002812201831122018            000000000000000                              000                           
0010001300033T 060290680000000077771 28144851610004330   71610004330     0501201900000000005500000102793628144851610004330        0900000000000010000000000000000000000000000000000000000   000000000000000000000029000        171162814485     
0010001300034U 060000000000000000000000000000000000000000000000000000000000000000000000550000000000000547100000000000000000000000000000002812201831122018            000000000000000                              000                           
0010001300035T 060290680000000077771 28144851910006209   71910006209     1012201800000000004300000107800X28144851910006209        0900000000000010000000000000000000000000000000000000000   000000000000000000000029000        171162814485     
0010001300036U 060000000000011120000000000000000000000000000000000000000000000000000000441120000000000438220000000000000000000000000000002812201831122018            000000000000000                              000                           
0010001300037T 060290680000000077771 28144851910006216   71910006216     1012201800000000004300010402183028144851910006216        0900000000000010000000000000000000000000000000000000000   000000000000000000000029000        171162814485     
0010001300038U 060000000000011120000000000000000000000000000000000000000000000000000000441120000000000438220000000000000000000000000000002812201831122018            000000000000000                              000                           
0010001300039T 060290680000000077771 28144851980005042   71980005042     3011201800000000006480010400578028144851980005042        0900000000000010000000000000000000000000000000000000000   000000000000000000000029000        171162814485     
0010001300040U 060000000000018840000000000000000000000000000000000000000000000000000000666840000000000663940000000000000000000000000000002812201831122018            000000000000000                              000                           
0010001300041T 060290680000000077771 28144851980005138   71980005138     3012201800000000006640010400578028144851980005138        0900000000000010000000000000000000000000000000000000000   000000000000000000000029000        171162814485     
0010001300042U 060000000000000000000000000000000000000000000000000000000000000000000000664000000000000661100000000000000000000000000000002812201831122018            000000000000000                              000                           
0010001300043T 060290680000000077771 28144852040002322   72040002322     0401201900000000007600010401922028144852040002322        0900000000000010000000000000000000000000000000000000000   000000000000000000000029000        171162814485     
0010001300044U 060000000000000000000000000000000000000000000000000000000000000000000000760000000000000757100000000000000000000000000000002812201831122018            000000000000000                              000                           
0010001300045T 060290680000000077771 28144852040002350   72040002350     0401201900000000007600000107837928144852040002350        0900000000000010000000000000000000000000000000000000000   000000000000000000000029000        171162814485     
0010001300046U 060000000000000000000000000000000000000000000000000000000000000000000000760000000000000757100000000000000000000000000000002812201831122018            000000000000000                              000                           
0010001300047T 060290680000000077771 28144852140051000   735002          3012201800000000004600000100473128144852140051000        0900000000000010000000000000000000000000000000000000000   000000000000000000000029000        171162814485     
0010001300048U 060000000000000000000000000069000000000000000000000000000000000000000000391000000000000388100000000000000000000000000000002812201831122018            000000000000000                              000                           
0010001300049T 090290680000000077771 28144851350006183   71350006183     3011201800000000002180000101369228144851350006183        0900000000000000000000000000000000000000000000000000000   000000000000000000000000010        171162814485     
0010001300050U 090000000000000000000000000000000000000000000000000000000000000000000000000000000000000000000000000000000000000000000000002812201800000000            000000000000000                              000                           
0010001300051T 090290680000000077771 28144851350006192   71350006192     3011201800000000003200000101369228144851350006192        0900000000000000000000000000000000000000000000000000000   000000000000000000000000010        171162814485     
0010001300052U 090000000000000000000000000000000000000000000000000000000000000000000000000000000000000000000000000000000000000000000000002812201800000000            000000000000000                              000                           
0010001300053T 090290680000000077771 28144851350006207   71350006207     3011201800000000002650000101369228144851350006207        0900000000000000000000000000000000000000000000000000000   000000000000000000000000010        171162814485     
0010001300054U 090000000000000000000000000000000000000000000000000000000000000000000000000000000000000000000000000000000000000000000000002812201800000000            000000000000000                              000                           
0010001300055T 090290680000000077771 28144851350006290   71350006290     2012201800000000001580000101369228144851350006290        0900000000000000000000000000000000000000000000000000000   000000000000000000000000010        171162814485     
0010001300056U 090000000000000000000000000000000000000000000000000000000000000000000000000000000000000000000000000000000000000000000000002812201800000000            000000000000000                              000                           
0010001300057T 030290680000000077771 28144851350005949   71350005949     0000000000000000003200000100000 28144851350005949        0900000000000000000000000000000000000000000000000000000   000000000000000000000000060        171162814485     
0010001300058U 030000000000000000000000000000000000000000000000000000000000000000000000000000000000000000000000000000000000000000000000002812201800000000            000000000000000                              000                           
0010001300059T 030290680000000077771 28144851350005959   71350005959     0000000000000000003270000100000 28144851350005959        0900000000000000000000000000000000000000000000000000000   000000000000000000000000060        171162814485     
0010001300060U 030000000000000000000000000000000000000000000000000000000000000000000000000000000000000000000000000000000000000000000000002812201800000000            000000000000000                              000                           
0010001300061T 030290680000000077771 28144851510008807   71510008807     0000000000000000006555400100000 28144851510008807        0900000000000000000000000000000000000000000000000000000   000000000000000000000000060        171162814485     
0010001300062U 030000000000000000000000000000000000000000000000000000000000000000000000000000000000000000000000000000000000000000000000002812201800000000            000000000000000                              000                           
0010001300063T 030290680000000077771 28144851520006290   71520006290     0000000000000000002750000100000 28144851520006290        0900000000000000000000000000000000000000000000000000000   000000000000000000000000060        171162814485     
0010001300064U 030000000000000000000000000000000000000000000000000000000000000000000000000000000000000000000000000000000000000000000000002812201800000000            000000000000000                              000                           
0010001300065T 030290680000000077771 28144851520006296   71520006296     0000000000000000015000000100000 28144851520006296        0900000000000000000000000000000000000000000000000000000   000000000000000000000000060        171162814485     
0010001300066U 030000000000000000000000000000000000000000000000000000000000000000000000000000000000000000000000000000000000000000000000002812201800000000            000000000000000                              000                           
0010001300067T 030290680000000077771 28144851520006296   71520006296     0000000000000000015000000100000 28144851520006296        0900000000000000000000000000000000000000000000000000000   000000000000000000000000060        171162814485     
0010001300068U 030000000000000000000000000000000000000000000000000000000000000000000000000000000000000000000000000000000000000000000000002812201800000000            000000000000000                              000                           
0010001300069T 030290680000000077771 28144851520006301   71520006301     0000000000000000004000000100000 28144851520006301        0900000000000000000000000000000000000000000000000000000   000000000000000000000000060        171162814485     
0010001300070U 030000000000000000000000000000000000000000000000000000000000000000000000000000000000000000000000000000000000000000000000002812201800000000            000000000000000                              000                           
0010001300071T 030290680000000077771 28144851520006312   71520006312     0000000000000000003400000100000 28144851520006312        0900000000000000000000000000000000000000000000000000000   000000000000000000000000060        171162814485     
0010001300072U 030000000000000000000000000000000000000000000000000000000000000000000000000000000000000000000000000000000000000000000000002812201800000000            000000000000000                              000                           
0010001300073T 030290680000000077771 28144852140053234   737236          0000000000000000002050000100000 28144852140053234        0900000000000000000000000000000000000000000000000000000   000000000000000000000000060        171162814485     
0010001300074U 030000000000000000000000000000000000000000000000000000000000000000000000000000000000000000000000000000000000000000000000002812201800000000            000000000000000                              000                           
0010001300075T 030290680000000077771 28144852140053267   737269          0000000000000000001830000100000 28144852140053267        0900000000000000000000000000000000000000000000000000000   000000000000000000000000060        171162814485     
0010001300076U 030000000000000000000000000000000000000000000000000000000000000000000000000000000000000000000000000000000000000000000000002812201800000000            000000000000000                              000                           
0010001300077T 030290680000000077771 28144851520006307   71520006307     2812201800000000005000000100000 28144851520006307        0900000000000000000000000000000000000000000000000000000   000000000000000000000000063        171162814485     
0010001300078U 030000000000000000000000000000000000000000000000000000000000000000000000000000000000000000000000000000000000000000000000002812201800000000            000000000000000                              000                           
0010001300079T 030290680000000077771 28144851520006308   71520006308     2812201800000000010050000100000 28144851520006308        0900000000000000000000000000000000000000000000000000000   000000000000000000000000063        171162814485     
0010001300080U 030000000000000000000000000000000000000000000000000000000000000000000000000000000000000000000000000000000000000000000000002812201800000000            000000000000000                              000                           
0010001300081T 030290680000000077771 28144851520006309   71520006309     2812201800000000001150000100000 28144851520006309        0900000000000000000000000000000000000000000000000000000   000000000000000000000000063        171162814485     
0010001300082U 030000000000000000000000000000000000000000000000000000000000000000000000000000000000000000000000000000000000000000000000002812201800000000            000000000000000                              000                           
0010001300083T 030290680000000077771 28144851520006310   71520006310     2812201800000000005000000100000 28144851520006310        0900000000000000000000000000000000000000000000000000000   000000000000000000000000063        171162814485     
0010001300084U 030000000000000000000000000000000000000000000000000000000000000000000000000000000000000000000000000000000000000000000000002812201800000000            000000000000000                              000                           
0010001300085T 030290680000000077771 28144851520006311   71520006311     2812201800000000005050000100000 28144851520006311        0900000000000000000000000000000000000000000000000000000   000000000000000000000000063        171162814485     
0010001300086U 030000000000000000000000000000000000000000000000000000000000000000000000000000000000000000000000000000000000000000000000002812201800000000            000000000000000                              000                           
0010001300087T 030290680000000077771 28144851520006312   71520006312     2812201800000000003400000100000 28144851520006312        0900000000000000000000000000000000000000000000000000000   000000000000000000000000063        171162814485     
0010001300088U 030000000000000000000000000000000000000000000000000000000000000000000000000000000000000000000000000000000000000000000000002812201800000000            000000000000000                              000                           
00100015         000090000920000000000352182040000000000000000000000000000000000000000000000000000000000000000000000000000000000000000000000000000                                                                                              
00199999         000001000092000000                                                                                                                                                            00000000000000000000000000000                    
